@book{DBLP:books/fm/GareyJ79,
  author    = {M. R. Garey and
               David S. Johnson},
  title     = {Computers and Intractability: {A} Guide to the Theory of NP-Completeness},
  publisher = {W. H. Freeman},
  year      = {1979},
  isbn      = {0-7167-1044-7}
}

@article{DBLP:journals/aim/KitanoT01,
  author    = {Hiroaki Kitano and
               Satoshi Tadokoro},
  title     = {RoboCup Rescue: {A} Grand Challenge for Multiagent and Intelligent
               Systems},
  journal   = {{AI} Mag.},
  volume    = {22},
  number    = {1},
  pages     = {39--52},
  year      = {2001},
}


@inproceedings{imms-sat18,
  author    = {Alexey Ignatiev and
               Antonio Morgado and
               Joao Marques{-}Silva},
  title     = {{PySAT:} {A} {Python} Toolkit for Prototyping
               with {SAT} Oracles},
  booktitle = {SAT},
  pages     = {428--437},
  year      = {2018}
}

@inproceedings{BailleuxB03,
  author    = {Olivier Bailleux and
               Yacine Boufkhad},
  editor    = {Francesca Rossi},
  title     = {Efficient {CNF} Encoding of Boolean Cardinality Constraints},
  booktitle = {Proceedings of the 9th International Conference on Principles and Practice of Constraint Programming (CP'03)},
  series    = {Lecture Notes in Computer Science},
  volume    = {2833},
  pages     = {108--122},
  publisher = {Springer},
  year      = {2003}
}



@inproceedings{Okimoto2015,
  author    = {Tenda Okimoto and
               Nicolas Schwind and
               Maxime Clement and
               Tony Ribeiro and
               Katsumi Inoue and
               Pierre Marquis},
  title     = {How to Form a Task-Oriented Robust Team},
  booktitle = {Proceedings of the 2015 International Conference on Autonomous Agents
               and Multiagent Systems (AAMAS'15)},
  pages     = {395--403},
  year      = {2015}
}


@inproceedings{schwind2021,
  author    = {Nicolas Schwind and
               Emir Demirovi\'c and
               Katsumi Inoue and
               Jean-Marie Lagniez},
  title     = {Partial Robustness in Team Formation: Bridging the Gap between Robustness and Resilience},
  booktitle = {Proceedings of the 2021 International Conference on Autonomous Agents
               and Multiagent Systems (AAMAS'21)},
  pages     = {to appear},
  year      = {2021}
}


@inproceedings{DBLP:conf/atal/GeorgePSS10,
  author    = {J. M. George and
               Jos{\'{e}} Pinto and
               P. B. Sujit and
               Jo{\~{a}}o B. Sousa},
  title     = {Multiple {UAV} coalition formation strategies},
  booktitle = {Proceedings of the 9th International Conference on Autonomous Agents and Multiagent Systems (AAMAS'10)},
  pages     = {1503--1504},
  year = {2010}
}

@inproceedings{KargarAZ12,
  author    = {Mehdi Kargar and
               Aijun An and
               Morteza Zihayat},
  editor    = {Peter A. Flach and
               Tijl De Bie and
               Nello Cristianini},
  title     = {Efficient Bi-objective Team Formation in Social Networks},
  booktitle = {Proceedings of the European Conference on Machine Learning and Knowledge Discovery in Databases Part {II} (ECML-PKDD'12)},
  pages     = {483--498},
  year      = {2012}
}

@inproceedings{FarhadiHHH12,
  author    = {Farnoush Farhadi and
               Elham Hoseini and
               Sattar Hashemi and
               Ali Hamzeh},
  editor    = {Jilles Vreeken and
               Charles Ling and
               Mohammed Javeed Zaki and
               Arno Siebes and
               Jeffrey Xu Yu and
               Bart Goethals and
               Geoffrey I. Webb and
               Xindong Wu},
  title     = {TeamFinder: {A} Co-clustering based Framework for Finding an Effective
               Team of Experts in Social Networks},
  booktitle = {12th {IEEE} International Conference on Data Mining Workshops (ICDM'12)},
  pages     = {107--114},
  publisher = {{IEEE} Computer Society},
  year      = {2012}
}

@article{fac,
  author    = {Amir Ahmadi{-}Javid and
               Pardis Seyedi and
               Siddhartha S. Syam},
  title     = {A survey of healthcare facility location},
  journal   = {Comput. Oper. Res.},
  volume    = {79},
  pages     = {223--263},
  year      = {2017},
}


@inproceedings{MatthewsRC12,
  author    = {Tim Matthews and
               Sarvapali D. Ramchurn and
               Georgios Chalkiadakis},
  editor    = {J{\"{o}}rg Hoffmann and
               Bart Selman},
  title     = {Competing with Humans at Fantasy Football: Team Formation in Large
               Partially-Observable Domains},
  booktitle = {Proceedings of the 26th {AAAI} Conference on Artificial Intelligence (AAAI'12)},
  year      = {2012},
  pages = {1394-1400}
}


@inproceedings{perlin,
  author    = {Ken Perlin},
  title     = {An image synthesizer},
  booktitle = {Proceedings of the 12th Annual Conference on Computer Graphics and
               Interactive Techniques (SIGGRAPH'85)},
  pages     = {287--296},
  year      = {1985}
}
